@article{dolphins,
  title={The emergent properties of a dolphin social network},
  author={Lusseau, David},
  journal={Proceedings of the Royal Society of London. Series B: Biological Sciences},
  volume={270},
  number={suppl\_2},
  pages={S186--S188},
  year={2003},
  publisher={The Royal Society}
}
@article{ern1,
  title={The communicability distance in graphs},
  author={Estrada, Ernesto},
  journal={Linear Algebra and its Applications},
  volume={436},
  number={11},
  pages={4317--4328},
  year={2012},
  publisher={Elsevier}
}
@article{ern2,
  title={Community detection based on network communicability},
  author={Estrada, Ernesto},
  journal={Chaos: An Interdisciplinary Journal of Nonlinear Science},
  volume={21},
  number={1},
  pages={016103},
  year={2011},
  publisher={AIP}
}

@book{ern3,
  title={Network science: complexity in nature and technology},
  author={Estrada, Ernesto and Fox, Maria and Higham, Desmond J and Oppo, Gian-Luca},
  year={2010},
  publisher={Springer Science \& Business Media}
}

@book{ern4,
  title={A first course in network theory},
  author={Estrada, Ernesto and Knight, Philip A},
  year={2015},
  publisher={Oxford University Press, USA}
}

@article{guillaume,
  title={Bipartite graphs as models of complex networks},
  author={Guillaume, Jean-Loup and Latapy, Matthieu},
  journal={Physica A: Statistical Mechanics and its Applications},
  volume={371},
  number={2},
  pages={795--813},
  year={2006},
  publisher={Elsevier}
}
@article{guillaume0,
  title={Bipartite structure of all complex networks},
  author={Guillaume, Jean-Loup and Latapy, Matthieu},
  journal={Information processing letters},
  volume={90},
  number={5},
  pages={215--221},
  year={2004},
  publisher={Elsevier}
}
@article{ml,
  title={Interactive Visualization of Large Bipartite Networks Assisted by Multilevel Strategies},
  author={Fabbri, Renato and Valejo, Alan and Lopes, Alneu A. and Oliveira, Maria C. F. de},
  year={2019},
  url={https://github.com/ttm/netvisml/raw/master/paper.pdf},
}
@article{cellc,
  title={The cell collective: toward an open and collaborative approach to systems biology},
  author={Helikar, Tom{\'a}{\v{s}} and Kowal, Bryan and McClenathan, Sean and Bruckner, Mitchell and Rowley, Thaine and Madrahimov, Alex and Wicks, Ben and Shrestha, Manish and Limbu, Kahani and Rogers, Jim A},
  journal={BMC systems biology},
  volume={6},
  number={1},
  pages={96},
  year={2012},
  publisher={BioMed Central}
}
@misc{icom,
  title={A visual and interactive interface for visualizing networks using communicability},
  author={Renato, Fabbri and Estrada, Ernesto},
  url="http://rfabbri.vicg.icmc.usp.br:3000/communicability",
  year={2019}
}
@incollection{diego,
  title={Opinion discrimination using complex network features},
  author={Amancio, Diego R and Fabbri, Renato and Oliveira, Osvaldo N and Nunes, Maria GV and da Fontoura Costa, Luciano},
  booktitle={Complex Networks},
  pages={154--162},
  year={2011},
  publisher={Springer}
}
@article{redAdj,
  title={Unveiling the relationship between complex networks metrics and word senses},
  author={Amancio, Diego R and Oliveira Jr, Osvaldo N and Costa, Luciano da F},
  journal={EPL (Europhysics Letters)},
  volume={98},
  number={1},
  pages={18002},
  year={2012},
  publisher={IOP Publishing}
}
@article{stab,
  title={Temporal stability in human interaction networks},
  author={Fabbri, Renato and Fabbri, Ricardo and Antunes, Deborah Christina and Pisani, Marilia Mello and de Oliveira Junior, Osvaldo Novais},
  journal={Physica A: Statistical Mechanics and its Applications},
  volume={486},
  pages={92--105},
  year={2017},
  publisher={Elsevier}
}
@article{ks,
  title={A Statistical Distance Derived From The Kolmogorov-Smirnov Test: specification, reference measures (benchmarks) and example uses},
  author={Fabbri, Renato and De Le{\'o}n, Fernando Gularte},
  journal={arXiv preprint arXiv:1711.00761},
  year={2017}
}
@inproceedings{bird,
  title={Mining email social networks},
  author={Bird, Christian and Gourley, Alex and Devanbu, Prem and Gertz, Michael and Swaminathan, Anand},
  booktitle={Proceedings of the 2006 international workshop on Mining software repositories},
  pages={137--143},
  year={2006},
  organization={ACM}
}
@book{wn,
  title={WordNet: An electronic lexical database},
  author={Miller, George},
  year={1998},
  publisher={MIT press}
}
@phdthesis{tese,
  title={Topological stability and textual differentiation in human interaction networks: statistical analysis, visualization and linked data},
  author={Fabbri, Renato},
  year={2017},
  school={Universidade de S{\~a}o Paulo}
}
@article{eld,
  title={A new method for ecoacoustics? Toward the extraction and evaluation of ecologically-meaningful soundscape components using sparse coding methods},
  author={Eldridge, Alice and Casey, Michael and Moscoso, Paola and Peck, Mika},
  journal={PeerJ},
  volume={4},
  pages={e2108},
  year={2016},
  publisher={PeerJ Inc.}
}
@misc{ps,
  title={Repository with an experiment for source separation in soundscapes},
  author={Renato, Fabbri},
  url="https://github.com/ttm/soundscapeX",
  year={2019}
}
@inproceedings{see,
  title={A Visualization Framework for Feature Investigation in Soundscape Recordings},
  author={Reis, Clausius Duque Gon{\c{c}}alves and Santos, Thalisson Nobre and others},
  booktitle={2018 22nd International Conference Information Visualisation (IV)},
  pages={490--497},
  year={2018},
  organization={IEEE}
}
@book{schafer,
  title={The soundscape: Our sonic environment and the tuning of the world},
  author={Schafer, R Murray},
  year={1993},
  publisher={Simon and Schuster}
}
@article{aavo,
  title={Audiovisual Analytics Vocabulary and Ontology (AAVO): initial core and example expansion},
  author={Fabbri, Renato and de Oliveira, Maria Cristina Ferreira},
  journal={arXiv preprint arXiv:1710.09954},
  year={2017},
  doi={10.18605/2175-7275/cereus.v10n2p389-397}
}
@book{munzner,
  title={Visualization analysis and design},
  author={Munzner, Tamara},
  year={2014},
  publisher={AK Peters/CRC Press}
}
@misc{wkic,
  author = "Wikipédia",
  title = "Inteligência computacional --- Wikipédia{,} a enciclopédia livre",
  year = "2019",
  url = "\url{https://pt.wikipedia.org/w/index.php?title=Intelig%C3%AAncia_computacional&oldid=54924702}",
  note = "[Online; accessed 23-abril-2019]"
}
@misc{wksd,
  author = "Wikipédia",
  title = "Sistema difuso de controle --- Wikipédia{,} a enciclopédia livre",
  year = "2018",
  url = "\url{https://pt.wikipedia.org/w/index.php?title=Sistema_difuso_de_controle&oldid=52647365}",
  note = "[Online; accessed 12-julho-2018]"
}
@misc{wkbi,
  author = "Wikipédia",
  title = "Inferência bayesiana --- Wikipédia{,} a enciclopédia livre",
  year = "2019",
  url = "\url{https://pt.wikipedia.org/w/index.php?title=Infer%C3%AAncia_bayesiana&oldid=54546723}",
  note = "[Online; accessed 20-março-2019]"
}
@misc{wkpe,
  author = "Wikipédia",
  title = "Programação estruturada --- Wikipédia{,} a enciclopédia livre",
  year = "2018",
  url = "\url{https://pt.wikipedia.org/w/index.php?title=Programa%C3%A7%C3%A3o_estruturada&oldid=53757217}",
  note = "[Online; accessed 5-dezembro-2018]"
}
@misc{wkpo,
  author = "Wikipédia",
  title = "Programação orientada a objetos --- Wikipédia{,} a enciclopédia livre",
  year = "2019",
  url = "\url{https://pt.wikipedia.org/w/index.php?title=Programa%C3%A7%C3%A3o_orientada_a_objetos&oldid=54696535}",
  note = "[Online; accessed 3-abril-2019]"
}
@misc{wked,
  author = "Wikipédia",
  title = "Estrutura de dados --- Wikipédia{,} a enciclopédia livre",
  year = "2019",
  url = "\url{https://pt.wikipedia.org/w/index.php?title=Estrutura_de_dados&oldid=54961806}",
  note = "[Online; accessed 27-abril-2019]"
}
@misc{wkie,
  author = "Wikipédia",
  title = "Inteligência de enxame --- Wikipédia{,} a enciclopédia livre",
  year = "2019",
  url = "\url{https://pt.wikipedia.org/w/index.php?title=Intelig%C3%AAncia_de_enxame&oldid=54924703}",
  note = "[Online; accessed 23-abril-2019]"
}
@misc{wkcc,
  author = "Wikipédia",
  title = "Computação cognitiva --- Wikipédia{,} a enciclopédia livre",
  year = "2018",
  url = "\url{https://pt.wikipedia.org/w/index.php?title=Computa%C3%A7%C3%A3o_cognitiva&oldid=51576497}",
  note = "[Online; accessed 20-março-2018]"
}
@misc{wkce,
  author = "Wikipédia",
  title = "Computação evolucionária --- Wikipédia{,} a enciclopédia livre",
  year = "2019",
  url = "\url{https://pt.wikipedia.org/w/index.php?title=Computa%C3%A7%C3%A3o_evolucion%C3%A1ria&oldid=54727290}",
  note = "[Online; accessed 6-abril-2019]"
}
@book{cc2,
  title={Smart machines: IBM's Watson and the era of cognitive computing},
  author={Kelly III, John E and Hamm, Steve},
  year={2013},
  publisher={Columbia University Press}
}
@misc{tl,
  author = "Fabbri, Renato",
  title = "Ementa de curso sobre pesquisa e desenvolvimento com tecnologias livres",
  year = "2017",
  url = "\url{https://docs.google.com/document/d/1tPY1OedvmLzdIga0uK7DSH6j2UDcXEmZxOL_Kz2K3VI/edit?usp=sharing}",
}
@article{mass,
  title={Musical elements in the discrete-time representation of sound},
  author={Fabbri, Renato and Junior, Vilson Vieira da Silva and Pessotti, Ant{\^o}nio Carlos Silvano and Corr{\^e}a, D{\'e}bora Cristina and Oliveira Jr, Osvaldo N},
  journal={arXiv preprint arXiv:1412.6853},
  year={2014}
}
@misc{music,
  author = "Fabbri, Renato",
  title = "The 'music' Python package",
  year = "2019",
  url = "\url{https://pypi.org/project/music/}",
}
@misc{cursoMus,
  author = "Fabbri, Renato",
  title = "Ementa de curso sobre áudio e música computacionais",
  year = "2017",
  url = "\url{https://docs.google.com/document/d/1O8y-W27P_ydeOXd97HBtLEeI0C0-IMhfq6AKWmqDW10/edit?usp=sharing}",
}
@article{sonification,
  title={Data sonification for users with visual impairment: a case study with georeferenced data},
  author={Zhao, Haixia and Plaisant, Catherine and Shneiderman, Ben and Lazar, Jonathan},
  journal={ACM Transactions on Computer-Human Interaction (TOCHI)},
  volume={15},
  number={1},
  pages={4},
  year={2008},
  publisher={ACM}
}
@article{versinus,
  title={Versinus: an Animated Visualization Method for Evolving Networks},
  author={Fabbri, Renato and Maria C. F. de},
  year={2019},
  url={https://github.com/ttm/versinus/raw/master/doc/paper.pdf},
}
@article{rdf,
  title={Enhancements of linked data expressiveness for ontologies},
  author={Fabbri, Renato},
  journal={arXiv preprint arXiv:1710.09952},
  year={2017}
}
@article{w3c,
  title={Linked data: Evolving the web into a global data space},
  author={Heath, Tom and Bizer, Christian},
  journal={Synthesis lectures on the semantic web: theory and technology},
  volume={1},
  number={1},
  pages={1--136},
  year={2011},
  publisher={Morgan \& Claypool Publishers}
}
@manual{pnud2,
    title = {United Nations Development Programme: ParticipaBR context, triplification of data and example of usage},
   author = {R. Fabbri},
    note = {\url{http://sourceforge.net/p/labmacambira/fimDoMundo/ci/master/tree/textos/SparQL/triplificaDisponibiliza.pdf?format=raw}},
    year = 2014
}
@manual{pnud3,
    title = {United Nations Development Programme: Tools for content classification in the ParticipaBR Brazilian federal portal of social participation},
   author = {R. Fabbri},
    note = {\url{https://github.com/ttm/pnud3/blob/master/latex/produto.pdf?raw=true}},
    year = 2014
}
@manual{pnud4,
    title = {United Nations Development Programme: Adaptations and increments for the ParticipaBR Brazilian federal portal of social participation)},
   author = {R. Fabbri},
    note = {\url{https://github.com/ttm/pnud4/blob/master/latex/produto.pdf?raw=true}},
    year = 2014
}
@article{pnud5,
  title={Linked data: Evolving the web into a global data space},
  author={Heath, Tom and Bizer, Christian},
  journal={Synthesis lectures on the semantic web: theory and technology},
  volume={1},
  number={1},
  pages={1--136},
  year={2011},
  publisher={Morgan \& Claypool Publishers}
}
@book{crowd1,
  title={The gamification of learning and instruction},
  author={Kapp, Karl M},
  year={2012},
  publisher={Wiley San Francisco}
}
@inproceedings{crowd2,
  title={Greenify: fostering sustainable communities via gamification},
  author={Lee, Joey J and Matamoros, Eduard and Kern, Rafael and Marks, Jenna and de Luna, Christian and Jordan-Cooley, William},
  booktitle={CHI'13 Extended Abstracts on Human Factors in Computing Systems},
  pages={1497--1502},
  year={2013},
  organization={ACM}
}
@misc{rcolors,
  author = "Fabbri, Renato",
  title = "Realcolors: a Vim plugin for tweaking syntax highlighting",
  year = "2017",
  url = "\url{https://www.vim.org/scripts/script.php?script_id=5650}",
}
@article{tokipona,
  author    = {Fabbri, Renato},
  title     = {Basic concepts and tools for the Toki Pona minimalist and constructed
               language: Wordnet synsets; analysis of the vocabulary; synthesis and
               syntax highlighting of texts},
  journal   = {CoRR},
  volume    = {abs/1712.09359},
  year      = {2017},
  url       = {http://arxiv.org/abs/1712.09359},
  archivePrefix = {arXiv},
  eprint    = {1712.09359},
  timestamp = {Mon, 13 Aug 2018 16:46:49 +0200},
  biburl    = {https://dblp.org/rec/bib/journals/corr/abs-1712-09359},
  bibsource = {dblp computer science bibliography, https://dblp.org}
}
@misc{can,
  author = "Fabbri, Renato",
  title = "An interactive interface for visualizing gene expressions correlated in cancer cells",
  year = "2019",
  url = "\url{http://rfabbri.vicg.icmc.usp.br:3000/bio}",
}
@misc{nexos,
  author = "Pisani, Marilia",
  title = "NEXOS: Teoria Crítica e Pesquisa Interdisciplinar - Sudeste",
  year = "2014",
  url = "\url{http://dgp.cnpq.br/dgp/espelhogrupo/164396}",
}
@article{the,
  title={The authoritarian personality},
  author={Adorno, Theodor W and Frenkel-Brunswik, Else and Levinson, Daniel J and Sanford, R Nevitt and Aron, Betty Ruth and Levinson, Maria Hertz and William R.. Morrow},
  year={1950},
  publisher={Harper New York}
}
@article{vim,
  title={An anthropological account of the Vim text editor: features and tweaks after 10 years of usage},
  author={Fabbri, Renato},
  journal={arXiv preprint arXiv:1712.06933},
  year={2017}
}
@article{ops,
  title={Social Participation Ontology: community documentation, enhancements and use examples},
  author={Fabbri, Renato and de Luna, Rodrigo Bandeira and Martins, Ricardo Augusto Poppi and others},
  journal={arXiv preprint arXiv:1501.02662},
  year={2015}
}
@misc{losd,
    author = {Fabbri, Renato and Oliveira Junior, Osvaldo Novais},
    title = {Linked Open Social Data for Scientific Benchmarking},
    year = {2016},
    publisher = {GitHub},
    journal = {GitHub repository},
    howpublished =
    {\url{https://github.com/ttm/linkedOpenSocialData/raw/master/paper.pdf}}, }
@incollection{visAn,
  title={Visual analytics: Definition, process, and challenges},
  author={Keim, Daniel and Andrienko, Gennady and Fekete, Jean-Daniel and G{\"o}rg, Carsten and Kohlhammer, J{\"o}rn and Melan{\c{c}}on, Guy},
  booktitle={Information visualization},
  pages={154--175},
  year={2008},
  publisher={Springer}
}
@article{ceff,
  title={Blue or red? Exploring the effect of color on cognitive task performances},
  author={Mehta, Ravi and Zhu, Rui Juliet},
  journal={Science},
  volume={323},
  number={5918},
  pages={1226--1229},
  year={2009},
  publisher={American Association for the Advancement of Science}
}


@article{alan,
  title={Multilevel approach for combinatorial optimization in bipartite network},
  author={Valejo, Alan and de Oliveira, Maria Cristina Ferreira and Geraldo Filho, PR and de Andrade Lopes, Alneu},
  journal={Knowledge-Based Systems},
  volume={151},
  pages={45--61},
  year={2018},
  publisher={Elsevier}
}

@misc{percolation,
  title={Percolation: a python package for research in complex networks},
  author={Renato, Fabbri},
  url="https://github.com/ttm/percolation",
  year={2019}
}
@article{bnoc,
  title={A benchmarking tool for the generation of bipartite network models with overlapping communities},
  author={Valejo, Alan and G{\'o}es, Fabiana and Romanetto, Luzia and de Oliveira, Maria Cristina Ferreira and de Andrade Lopes, Alneu},
  journal={Knowledge and Information Systems},
  pages={1--29},
  year={2019},
  publisher={Springer}
}
@article{virus,
  title={Memory and dispersonification in social experimentos: anthropological physics and technoxamanic ebós},
  author={Fabbri, Renato},
  journal={V!RUS},
  volume={16},
  year={2018},
  ISSN={2175-974x}
}
@article{sfvideo,
    title= {\href{http://cs-dc-15.org/papers/cognition/social-psychology/anthropological-physics-and-social-psychology-in-the-critical-research-of-networks/}{Anthropological physics and social psychology in the critical research of networks}},
    author = {Antunes, Deborah and Fabbri, Renato and Pisani, Marilia M.},
    journal= {International Conference on Complex Systems (2015), Santa Fe Institute},
    year = 2015,
}
