@article{newman,
  title={Networks: an introduction. 2010},
  author={Newman, Mark},
  journal={United Slates: Oxford University Press Inc., New York},
  pages={1--2}
}
@incollection{miningSocial,
  title={Mining social media: a brief introduction},
  author={Gundecha, Pritam and Liu, Huan},
  booktitle={New Directions in Informatics, Optimization, Logistics, and Production},
  pages={1--17},
  year={2012},
  publisher={Informs}
}                         
@phdthesis{tese,
    title    = {Topologial stability and textual differentiation in human interaction networks: statistical analysis, visualization and linked data},
    school   = {São Carlos Institute of Physics, University of São Paulo (IFSC/USP)},
    author   = {Fabbri, Renato},
    year     = {2017},
    note        = {\url{https://github.com/ttm/thesis/raw/master/tese-rfabbri.pdf}},
}
@inproceedings{shn,
  title={The eyes have it: A task by data type taxonomy for information visualizations},
  author={Shneiderman, Ben},
  booktitle={Visual Languages, 1996. Proceedings., IEEE Symposium on},
  pages={336--343},
  year={1996},
  organization={IEEE}
}
@inproceedings{keim2006,
  title={Challenges in visual data analysis},
  author={Keim, Daniel A and Mansmann, Florian and Schneidewind, J{\"o}rn and Ziegler, Hartmut},
  booktitle={Information Visualization, 2006. IV 2006. Tenth International Conference on},
  pages={9--16},
  year={2006},
  organization={IEEE}
}
@misc{vis1,
  Author = {Gr\"oller, Eduard},
  Institution = {Vienna University of Technology},
  Howpublished = {University Lecture},
  Year = {2015},
  Title = {Visual Analytics - Introduction}
}
@misc{mtH,
	title={Text Mining.},
	author={Witten, Ian H},
	year={2004}
}
@inproceedings{gdH,
	title={A taxonomy and survey of dynamic graph visualization},
	author={Beck, Fabian and Burch, Michael and Diehl, Stephan and Weiskopf, Daniel},
	booktitle={Computer Graphics Forum},
	year={2016},
	organization={Wiley Online Library}
}
@misc{ldH,
    title={Design issues: Linked data},
    author={Berners-Lee, Tim},
    year={2006}
}
@misc{nexos,
    title={Nexos: Teoria Cr\'itica e Pesquisa Interdisciplinar},
    note = {\url{http://dgp.cnpq.br/dgp/espelhogrupo/5624425913774111}}
}
@article{stab,
	title={Temporal stability in human interaction networks},
	author={Fabbri, Renato and Fabbri, Ricardo and Antunes, Deborah C and Pisani, Marilia M and Oliveira Jr, Osvaldo N},
	journal={arXiv preprint arXiv:1310.7769},
	year={2013}
}
@article{art1,
  title={Graph-based measures to assist user assessment of multidimensional projections},
  author={Motta, Robson and Minghim, Rosane and de Andrade Lopes, Alneu and Oliveira, Maria Cristina F},
  journal={Neurocomputing},
  volume={150},
  pages={583--598},
  year={2015},
  publisher={Elsevier}
}
@article{art2,
	title={Perception-based evaluation of projection methods for multidimensional data visualization},
	author={Etemadpour, Ronak and Motta, Robson and de Souza Paiva, Jose Gustavo and Minghim, Rosane and de Oliveira, Maria Cristina Ferreira and Linsen, Lars},
	journal={IEEE transactions on visualization and computer graphics},
	volume={21},
	number={1},
	pages={81--94},
	year={2015},
	publisher={IEEE}
}
@article{art3,
  title={Similarity preserving snippet-based visualization of web search results},
  author={Gomez-Nieto, Erick and San Roman, Frizzi and Pagliosa, Paulo and Casaca, Wallace and Helou, Elias S and de Oliveira, Maria Cristina F and Nonato, Luis Gustavo},
  journal={IEEE transactions on visualization and computer graphics},
  volume={20},
  number={3},
  pages={457--470},
  year={2014},
  publisher={IEEE}
}
@article{ops,
  title={Social Participation Ontology: community documentation, enhancements and use examples},
  author={Fabbri, Renato and de Luna, Rodrigo Bandeira and Martins, Ricardo Augusto Poppi and others},
  journal={arXiv preprint arXiv:1501.02662},
  year={2015}
}
@article{diff,
  title={A connective differentiation of textual production in interaction networks},
  author={Fabbri, Renato},
  note={\url{http://arxiv.org/abs/1412.7309}},
  year={2013}
}
@misc{losd,
    author = {Fabbri, Renato and Oliveira Junior, Osvaldo Novais},
    title = {Linked Open Social Data for Scientific Benchmarking},
    year = {2016},
    publisher = {GitHub},
    journal = {GitHub repository},
    howpublished =
    {\url{https://github.com/ttm/linkedOpenSocialData/raw/master/paper.pdf}}, }
@article{versinus,
  title={Versinus: a visualization method for graphs in evolution},
  author={Fabbri, Renato},
  journal={arXiv preprint arXiv:1412.7311},
  note={\url{http://arxiv.org/abs/1412.7311}},
  year={2013}
}
@book{vd1,
  title={Data visualization: principles and practice},
  author={Telea, Alexandru C},
  year={2014},
  publisher={CRC Press}
}
@book{vd2,
  title={Visualizing data},
  author={Cleveland, William},
  year={1993},
  publisher={Hobard Press}
}
@inproceedings{Viz3,
  title={Visual summaries for graph collections},
  author={Koop, David and Freire, Juliana and Silva, Cl{\'a}udio T},
  booktitle={Visualization Symposium (PacificVis), 2013 IEEE Pacific},
  pages={57--64},
  year={2013},
  organization={IEEE}
}

@inproceedings{Viz1,
  title={Reordering massive sequence views: Enabling temporal and structural analysis of dynamic networks},
  author={van den Elzen, Stef and Holten, Danny and Blaas, Jorik and van Wijk, Jarke J},
  booktitle={Visualization Symposium (PacificVis), 2013 IEEE Pacific},
  pages={33--40},
  year={2013},
  organization={IEEE}
}
@inproceedings{Viz2,
  title={Reordering massive sequence views: Enabling temporal and structural analysis of dynamic networks},
  author={van den Elzen, Stef and Holten, Danny and Blaas, Jorik and van Wijk, Jarke J},
  booktitle={Visualization Symposium (PacificVis), 2013 IEEE Pacific},
  pages={33--40},
  year={2013},
  organization={IEEE}
}

@article{text1,
	title={A survey of text mining techniques and applications},
	author={Gupta, Vishal and Lehal, Gurpreet S and others},
	journal={Journal of emerging technologies in web intelligence},
	volume={1},
	number={1},
	pages={60--76},
	year={2009},
	publisher={Academy Publisher, PO Box 40 Oulu 90571 Finland}
}

@article{text2,
	title={Analyzing customer experience feedback using text mining: A linguistics-based approach},
	author={Ordenes, Francisco Villarroel and Theodoulidis, Babis and Burton, Jamie and Gruber, Thorsten and Zaki, Mohamed},
	journal={Journal of Service Research},
	volume={17},
	number={3},
	pages={278--295},
	year={2014},
	publisher={SAGE Publications Sage CA: Los Angeles, CA}
}
@book{visa,
  title={Illuminating the path:[the research and development agenda for visual analytics]},
  author={Thomas, James J},
  year={2005},
  publisher={IEEE Computer Society}
}
@book{visa2,
  title={Mastering the information age solving problems with visual analytics},
  author={Keim, Daniel and Kohlhammer, J{\"o}rn and Ellis, Geoffrey and Mansmann, Florian},
  year={2010},
  publisher={Eurographics Association}
}
@article{kiki,
  title={Bouba and Kiki in Namibia? A remote culture make similar shape--sound matches, but different shape--taste matches to Westerners},
  author={Bremner, Andrew J and Caparos, Serge and Davidoff, Jules and de Fockert, Jan and Linnell, Karina J and Spence, Charles},
  journal={Cognition},
  volume={126},
  number={2},
  pages={165--172},
  year={2013},
  publisher={Elsevier}
}
@book{design,
  title={Visual Research Methods in Design (Routledge Revivals)},
  author={Sanoff, Henry},
  year={2016},
  publisher={Routledge}
}
@book{gestalt,
  title={Principles of Gestalt psychology},
  author={Koffka, Kurt},
  volume={44},
  year={2013},
  publisher={Routledge}
}
@article{estetica,
  title={Visual aesthetics and human preference},
  author={Palmer, Stephen E and Schloss, Karen B and Sammartino, Jonathan},
  journal={Annual review of psychology},
  volume={64},
  pages={77--107},
  year={2013},
  publisher={Annual Reviews}
}
@article{btc,
  title={A faster algorithm for betweenness centrality},
  author={Brandes, Ulrik},
  journal={Journal of mathematical sociology},
  volume={25},
  number={2},
  pages={163--177},
  year={2001},
  publisher={Taylor \& Francis}
}
@inproceedings{wordnet,
  title={WordNet:: Similarity: measuring the relatedness of concepts},
  author={Pedersen, Ted and Patwardhan, Siddharth and Michelizzi, Jason},
  booktitle={Demonstration papers at HLT-NAACL 2004},
  pages={38--41},
  year={2004},
  organization={Association for Computational Linguistics}
}
@article{hive,
  title={Hive plots approach to visualizing networks},
  author={Krzywinski, Martin and Birol, Inanc and Jones, Steven JM and Marra, Marco A},
  journal={Briefings in bioinformatics},
  volume={13},
  number={5},
  pages={627--644},
  year={2012},
  publisher={Oxford Univ Press}
}
@misc{dw,
    title = {Data.World - Datasets for Analysis \& Download},
    note = {\url{{https://data.world}},
    }
@phdthesis{msc,
	title={M{\'u}sica no {\'a}udio digital: descri{\c{c}}{\~a}o psicof{\'\i}sica e caixa de ferramentas},
	author={Fabbri, Renato},
	school={Universidade de S{\~a}o Paulo}
	note={\url{http://www.teses.usp.br/teses/disponiveis/76/76132/tde-19042013-095445/}},
}
@manual{KS,
    title = {A distance metric between histograms derived from the Kolmogorov-Smirnov
    test statistic: specification, measures reference and example uses},
   author = {R. Fabbri},
    note = {\url{https://github.com/ttm/kolmogorov-smirnov/raw/master/paper.pdf}}
}
@article{wavelets,
  title={Compress{\~a}o de {\'A}udio via Wavelets, Aproxima{\c{c}}{\~o}es Polinomiais e Permuta{\c{c}}{\~o}es},
  author={Fabbri, Renato and Mendes, Rafael Santos},
  journal={ENCONTRO DOS ALUNOS E DOCENTES DO DEPARTAMENTO DE COMPUTA{\c{C}}{\~A}O E AUTOMA{\c{C}}{\~A}O INDUSTRIAL (EADCA)},
  volume={2},
  pages={155--158},
  year={2009}
}
@article{sintGran,
  title={Applications of group theory on granular synthesis},
  author={Fabbri, R and MAIA JUNIOR, A},
  journal={SIMP{\'O}SIO BRASILERIO DE COMPUTA{\c{C}}{\~A}O MUSICAL},
  volume={11},
  year={2007}
}
@misc{lattes,
    title = {Curr\'iculo Lattes de Renato Fabbri},
    note = {\url{http://lattes.cnpq.br/1840472218825589}},
    }
@article{massa,
  title={Psychophysics of musical elements in the discrete-time representation of sound},
  author={Fabbri, Renato and Junior, Vilson Vieira da Silva and Pessotti, Ant{\^o}nio Carlos Silvano and Corr{\^e}a, D{\'e}bora Cristina},
  journal={arXiv preprint arXiv:1412.6853},
  year={2014}
}
